@article{abela2010estimating,
	title={Estimating the burden of human leptospirosis},
	author={Abela-Ridder, Bernadette and Sikkema, Reina and Hartskeerl, Rudy A},
	journal={International journal of antimicrobial agents},
	volume={36},
	pages={S5--S7},
	year={2010},
	publisher={Elsevier}
}

@article{haake2015leptospirosis,
	title={Leptospirosis in humans},
	author={Haake, David A and Levett, Paul N},
	journal={Leptospira and leptospirosis},
	pages={65--97},
	year={2015},
	publisher={Springer}
}

@book{zuur2009mixed,
	title={Mixed effects models and extensions in ecology with R},
	author={Zuur, Alain F and Ieno, Elena N and Walker, Neil J and Saveliev, Anatoly A and Smith, Graham M and others},
	volume={574},
	year={2009},
	publisher={Springer}
}

@Manual{dharma,
	title = {DHARMa: Residual Diagnostics for Hierarchical (Multi-Level / Mixed) Regression Models},
	author = {Florian Hartig},
	year = {2021},
	note = {R package version 0.4.3},
	url = {http://florianhartig.github.io/DHARMa/},
}

@Article{lme4,
	title = {Fitting Linear Mixed-Effects Models Using {lme4}},
	author = {Douglas Bates and Martin M{\"a}chler and Ben Bolker and Steve Walker},
	journal = {Journal of Statistical Software},
	year = {2015},
	volume = {67},
	number = {1},
	pages = {1--48},
	doi = {10.18637/jss.v067.i01},
}	

@Article{proc,
	title = {pROC: an open-source package for R and S+ to analyze and compare ROC curves},
	author = {Xavier Robin and Natacha Turck and Alexandre Hainard and Natalia Tiberti and Frédérique Lisacek and Jean-Charles Sanchez and Markus Müller},
	year = {2011},
	journal = {BMC Bioinformatics},
	volume = {12},
	pages = {77},
}

@article{goarant2016leptospirosis,
	title={Leptospirosis: risk factors and management challenges in developing countries},
	author={Goarant, Cyrille},
	journal={Research and reports in tropical medicine},
	volume={7},
	pages={49},
	year={2016},
	publisher={Dove Press}
}

@article{cook2017risk,
	title={Risk factors for leptospirosis seropositivity in slaughterhouse workers in western Kenya},
	author={Cook, Elizabeth Anne Jessie and de Glanville, William Anson and Thomas, Lian Francesca and Kariuki, Samuel and de Clare Bronsvoort, Barend Mark and F{\`e}vre, Eric Maurice},
	journal={Occupational and Environmental Medicine},
	volume={74},
	number={5},
	pages={357--365},
	year={2017},
	publisher={BMJ Publishing Group Ltd}
}